<record xmlns="http://www.loc.gov/MARC21/slim" xmlns:xsi="http://www.w3.org/2001/XMLSchema-instance" xsi:schemaLocation="http://www.loc.gov/MARC21/slim http://www.loc.gov/standards/marcxml/schema/MARC21slim.xsd"><leader>     nam a22        4500</leader><controlfield tag="001">001683284</controlfield><controlfield tag="003">NNU</controlfield><controlfield tag="006">m        d        </controlfield><controlfield tag="007">cr cn |||m|||a</controlfield><controlfield tag="008">150313s1914    ua      o     000 0barard</controlfield><datafield ind1=" " ind2=" " tag="040"><subfield code="a">NNU</subfield><subfield code="b">eng</subfield><subfield code="c">NNU</subfield></datafield><datafield ind1=" " ind2=" " tag="066"><subfield code="c">(3</subfield></datafield><datafield ind1=" " ind2=" " tag="090"><subfield code="a">BP75.2</subfield><subfield code="b">.S75 1914</subfield></datafield><datafield ind1="1" ind2=" " tag="100"><subfield code="6">880-01</subfield><subfield code="a">Suhayl&#299;, &#699;Abd al-Ra&#7717;m&#257;n ibn &#699;Abd All&#257;h,</subfield><subfield code="d">1114 or 15-1185</subfield></datafield><datafield ind1="1" ind2="0" tag="240"><subfield code="6">880-02</subfield><subfield code="a">Raw&#7693; al-unuf.</subfield><subfield code="f">1914</subfield></datafield><datafield ind1="1" ind2="0" tag="245"><subfield code="6">880-03</subfield><subfield code="a">Kit&#257;b al-Raw&#7693; al-unuf f&#299; tafs&#299;r m&#257; ishtamala &#699;alayhi &#7717;ad&#299;th al-S&#299;rah al-Nabaw&#299;yah li-Ibn Hish&#257;m</subfield><subfield code="h">[electronic resource] /</subfield><subfield code="c">li-Ab&#299; al-Q&#257;sim &#699;Abd al-Ra&#7717;m&#257;n ibn &#699;Abd All&#257;h ibn A&#7717;mad ibn Ab&#299; al-&#7716;asan al-Khath&#699;am&#299; al-Suhayl&#299;. Wa-bi-h&#257;mishihi al-S&#299;rah al-Nabaw&#299;yah / li-Ab&#299; Mu&#7717;ammad &#699;Abd al-Malik ibn Hish&#257;m al-Ma&#699;&#257;fir&#299; al-&#7716;imyar&#299; al-Ba&#7779;r&#299;.</subfield></datafield><datafield ind1="3" ind2="0" tag="246"><subfield code="6">880-04</subfield><subfield code="a">Raw&#7693; al-unuf f&#299; tafs&#299;r m&#257; ishtamala &#699;alayhi &#7717;ad&#299;th al-S&#299;rah al-Nabaw&#299;yah li-Ibn Hish&#257;m</subfield></datafield><datafield ind1=" " ind2=" " tag="260"><subfield code="6">880-05</subfield><subfield code="a">Mi&#7779;r :</subfield><subfield code="b">Ma&#7789;ba&#699;at al-Jam&#257;l&#299;yah,</subfield><subfield code="c">1914.</subfield></datafield><datafield ind1=" " ind2=" " tag="300"><subfield code="a">online resource (2 v. in 1)</subfield></datafield><datafield ind1=" " ind2=" " tag="500"><subfield code="a">Part of the Arabic Collections Online (ACO) project, contributed by New York Univeristy Libraries.</subfield></datafield><datafield ind1=" " ind2=" " tag="533"><subfield code="a">Electronic reproduction.</subfield><subfield code="b">New York, N.Y. :</subfield><subfield code="c">New York University,</subfield><subfield code="d">2015.</subfield><subfield code="5">NNU</subfield></datafield><datafield ind1="0" ind2="0" tag="600"><subfield code="a">Mu&#7717;ammad,</subfield><subfield code="c">Prophet,</subfield><subfield code="d">d. 632.</subfield></datafield><datafield ind1="1" ind2="0" tag="600"><subfield code="6">880-06</subfield><subfield code="a">Ibn Hish&#257;m, &#699;Abd al-Malik,</subfield><subfield code="d">d. 834.</subfield><subfield code="t">S&#299;rat Ras&#363;l All&#257;h</subfield></datafield><datafield ind1=" " ind2="0" tag="650"><subfield code="a">Muslims</subfield><subfield code="z">Arabian Peninsula</subfield><subfield code="v">Biography</subfield><subfield code="v">Early works to 1800.</subfield></datafield><datafield ind1="1" ind2="2" tag="700"><subfield code="6">880-07</subfield><subfield code="a">Ibn Hish&#257;m, &#699;Abd al-Malik,</subfield><subfield code="d">d. 834</subfield><subfield code="t">S&#299;rat Ras&#363;l All&#257;h.</subfield><subfield code="f">1914.</subfield></datafield><datafield ind1="2" ind2=" " tag="710"><subfield code="a">New York University.</subfield><subfield code="b">Libraries.</subfield></datafield><datafield ind1="0" ind2=" " tag="730"><subfield code="a">Arabic Collections Online.</subfield></datafield><datafield ind1="0" ind2="8" tag="776"><subfield code="i">Print version:</subfield><subfield code="a">Suhayl&#299;, &#699;Abd al-Ra&#7717;m&#257;n ibn &#699;Abd All&#257;h, 1114 or 15-1185 880-01</subfield><subfield code="t">Kit&#257;b al-Raw&#7693; al-unuf f&#299; tafs&#299;r m&#257; ishtamala &#699;alayhi &#7717;ad&#299;th al-S&#299;rah al-Nabaw&#299;yah li-Ibn Hish&#257;m</subfield><subfield code="w">(NNU)001683284</subfield></datafield><datafield ind1="4" ind2="0" tag="856"><subfield code="u">http://hdl.handle.net/2333.1/2z34tq1k</subfield></datafield><datafield ind1="1" ind2=" " tag="880"><subfield code="6">100-01/</subfield><subfield code="a">&#1587;&#1607;&#1610;&#1604;&#1610;&#1548; &#1593;&#1576;&#1583; &#1575;&#1604;&#1585;&#1581;&#1605;&#1606; &#1576;&#1606; &#1593;&#1576;&#1583; &#1575;&#1604;&#1604;&#1607;.</subfield></datafield><datafield ind1="1" ind2="0" tag="880"><subfield code="6">240-02/</subfield><subfield code="a">&#1585;&#1608;&#1590; &#1575;&#1604;&#1571;&#1606;&#1601; .</subfield><subfield code="f">1914</subfield></datafield><datafield ind1="1" ind2="0" tag="880"><subfield code="6">245-03/</subfield><subfield code="a">&#1603;&#1578;&#1575;&#1576; &#1575;&#1604;&#1585;&#1608;&#1590; &#1575;&#1604;&#1571;&#1606;&#1601; &#1601;&#1610; &#1578;&#1601;&#1587;&#1610;&#1585; &#1605;&#1575; &#1575;&#1588;&#1578;&#1605;&#1604; &#1593;&#1604;&#1610;&#1607; &#1581;&#1583;&#1610;&#1579; &#1575;&#1604;&#1587;&#1610;&#1585;&#1577; &#1575;&#1604;&#1606;&#1576;&#1608;&#1610;&#1577; &#1604;&#1575;&#1576;&#1606; &#1607;&#1588;&#1575;&#1605; /</subfield><subfield code="c">&#1604;&#1571;&#1576;&#1610; &#1575;&#1604;&#1602;&#1575;&#1587;&#1605; &#1593;&#1576;&#1583; &#1575;&#1604;&#1585;&#1581;&#1605;&#1606; &#1576;&#1606; &#1593;&#1576;&#1583; &#1575;&#1604;&#1604;&#1607; &#1576;&#1606; &#1571;&#1581;&#1605;&#1583; &#1576;&#1606; &#1571;&#1576;&#1610; &#1575;&#1604;&#1581;&#1587;&#1606; &#1575;&#1604;&#1582;&#1579;&#1593;&#1605;&#1610; &#1575;&#1604;&#1587;&#1607;&#1610;&#1604;&#1610;. &#1608;&#1576;&#1607;&#1575;&#1605;&#1588;&#1607; &#1575;&#1604;&#1587;&#1610;&#1585;&#1577; &#1575;&#1604;&#1606;&#1576;&#1608;&#1610;&#1577; / &#1604;&#1571;&#1576;&#1610; &#1605;&#1581;&#1605;&#1583; &#1593;&#1576;&#1583; &#1575;&#1604;&#1605;&#1604;&#1603; &#1576;&#1606; &#1607;&#1588;&#1575;&#1605; &#1575;&#1604;&#1605;&#1593;&#1575;&#1601;&#1610;&#1585;&#1610; &#1575;&#1604;&#1581;&#1605;&#1610;&#1585;&#1610; &#1575;&#1604;&#1576;&#1589;&#1585;&#1610;.</subfield></datafield><datafield ind1="3" ind2="0" tag="880"><subfield code="6">246-04/</subfield><subfield code="a">&#1585;&#1608;&#1590; &#1575;&#1604;&#1571;&#1606;&#1601; &#1601;&#1610; &#1578;&#1601;&#1587;&#1610;&#1585; &#1605;&#1575; &#1575;&#1588;&#1578;&#1605;&#1604; &#1593;&#1604;&#1610;&#1607; &#1581;&#1583;&#1610;&#1579; &#1575;&#1604;&#1587;&#1610;&#1585;&#1577; &#1575;&#1604;&#1606;&#1576;&#1608;&#1610;&#1577; &#1604;&#1575;&#1576;&#1606; &#1607;&#1588;&#1575;&#1605;</subfield></datafield><datafield ind1=" " ind2=" " tag="880"><subfield code="6">260-05/</subfield><subfield code="a">&#1605;&#1589;&#1585; :</subfield><subfield code="b">&#1605;&#1591;&#1576;&#1593;&#1577; &#1575;&#1604;&#1580;&#1605;&#1575;&#1604;&#1610;&#1577;&#1548;</subfield><subfield code="c">[1914.</subfield></datafield><datafield ind1="1" ind2="0" tag="880"><subfield code="6">600-06/</subfield><subfield code="a">&#1575;&#1576;&#1606; &#1607;&#1588;&#1575;&#1605;&#1548; &#1593;&#1576;&#1583; &#1575;&#1604;&#1605;&#1604;&#1603;.</subfield><subfield code="t">&#1587;&#1610;&#1585;&#1577; &#1585;&#1587;&#1608;&#1604; &#1575;&#1604;&#1604;&#1607;.</subfield></datafield><datafield ind1="1" ind2="2" tag="880"><subfield code="6">700-07/</subfield><subfield code="a">&#1575;&#1576;&#1606; &#1607;&#1588;&#1575;&#1605;&#1548; &#1593;&#1576;&#1583; &#1575;&#1604;&#1605;&#1604;&#1603;.</subfield><subfield code="t">&#1587;&#1610;&#1585;&#1577; &#1585;&#1587;&#1608;&#1604; &#1575;&#1604;&#1604;&#1607;.</subfield><subfield code="f">1914.</subfield></datafield><datafield ind1=" " ind2=" " tag="959"><subfield code="a">NNU</subfield><subfield code="b">WEB</subfield><subfield code="c">GENI</subfield><subfield code="t">0</subfield><subfield code="m">Electronic access</subfield><subfield code="s">01</subfield></datafield><datafield ind1=" " ind2=" " tag="999"><subfield code="i">NNU_001683284</subfield><subfield code="s">nyu_aco000624</subfield></datafield></record>